[
  {
    "Nombre": "Chocolate con leche de los Alpes Milka 125 g.",
    "Precio": "1,13 \u20ac",
    "Precio_KG/L": "9,04 \u20ac/kg"
  },
  {
    "Nombre": "Chocolate con leche Milka 270 g.",
    "Precio": "2,45 \u20ac",
    "Precio_KG/L": "9,07 \u20ac/kg"
  },
  {
    "Nombre": "Chocolate brownie Oreo Milka 100 g.",
    "Precio": "1,30 \u20ac",
    "Precio_KG/L": "13 \u20ac/kg"
  },
  {
    "Nombre": "Chocolate con leche Milka pack de 3 unidades de 100 g.",
    "Precio": "3,35 \u20ac",
    "Precio_KG/L": "11,17 \u20ac/kg"
  },
  {
    "Nombre": "Chocolate con leche  triolade Milka 280 g.",
    "Precio": "3,49 \u20ac",
    "Precio_KG/L": "12,46 \u20ac/kg"
  },
  {
    "Nombre": "Tableta de chocolate con almendras Milka 270 g.",
    "Precio": "3,59 \u20ac",
    "Precio_KG/L": "13,30 \u20ac/kg"
  },
  {
    "Nombre": "Chocolate con leche relleno de galleta, leche y chocolate Milka 300 g.",
    "Precio": "2,95 \u20ac",
    "Precio_KG/L": "9,83 \u20ac/kg"
  },
  {
    "Nombre": "Chocolate con leche y avellanas enteras Milka Mmmax 270 g.",
    "Precio": "3,79 \u20ac",
    "Precio_KG/L": "14,04 \u20ac/kg"
  },
  {
    "Nombre": "Chocolate blanco Milka 100 g.",
    "Precio": "1,20 \u20ac",
    "Precio_KG/L": "12 \u20ac/kg"
  },
  {
    "Nombre": "Chocolate con galleta Lu Milka 87 g.",
    "Precio": "1,20 \u20ac",
    "Precio_KG/L": "13,79 \u20ac/kg"
  },
  {
    "Nombre": "Chocolate relleno de cheesecake Milka 300 g.",
    "Precio": "3,79 \u20ac",
    "Precio_KG/L": "12,63 \u20ac/kg"
  },
  {
    "Nombre": "Galletas con chocolate Choco Biscuits Milka 150 g.",
    "Precio": "2,75 \u20ac",
    "Precio_KG/L": "18,33 \u20ac/kg"
  },
  {
    "Nombre": "Bizcocho con chocolate Milka 132 g.",
    "Precio": "2,69 \u20ac",
    "Precio_KG/L": "20,38 \u20ac/kg"
  },
  {
    "Nombre": "Batido de chocolate shake Milka 200 ml.",
    "Precio": "1,53 \u20ac",
    "Precio_KG/L": "7,65 \u20ac/l"
  },
  {
    "Nombre": "Batido de chocolate Milka pack de 3 briks de 200 ml.",
    "Precio": "2,05 \u20ac",
    "Precio_KG/L": "3,42 \u20ac/l"
  },
  {
    "Nombre": "Chocolate con leche relleno de triple chocolate Milka 90 g.",
    "Precio": "1,69 \u20ac",
    "Precio_KG/L": "18,78 \u20ac/kg"
  },
  {
    "Nombre": "Bizcocho con pepitas de chocolate con leche y relleno de chocolate Milka 350 g.",
    "Precio": "5,39 \u20ac",
    "Precio_KG/L": "15,40 \u20ac/kg"
  },
  {
    "Nombre": "Galletas rellenas de crema de chocolate Choco Pause Milka 260 g.",
    "Precio": "2,99 \u20ac",
    "Precio_KG/L": "11,50 \u20ac/kg"
  },
  {
    "Nombre": "Galletas de barquillo cubiertas de chocolate Choco Wafer Milka 300 g.",
    "Precio": "4,95 \u20ac",
    "Precio_KG/L": "16,50 \u20ac/kg"
  },
  {
    "Nombre": "Galletas con pepitas de chocolate y recubiertas con chocolate con leche Milka 110 g.",
    "Precio": "1,91 \u20ac",
    "Precio_KG/L": "17,36 \u20ac/kg"
  },
  {
    "Nombre": "Galletas finas y crujientes recubiertas de chocolate Milka 126 g.",
    "Precio": "1,89 \u20ac",
    "Precio_KG/L": "15 \u20ac/kg"
  },
  {
    "Nombre": "Galleta cubierta con chocolate  Milka Choco Moo 120 g.",
    "Precio": "1,61 \u20ac",
    "Precio_KG/L": "13,42 \u20ac/kg"
  },
  {
    "Nombre": "Galleta recubierta con chocolate blanco Choco Wafer Milka 180 g.",
    "Precio": "2,99 \u20ac",
    "Precio_KG/L": "16,61 \u20ac/kg"
  },
  {
    "Nombre": "Bizcochos rellenos de cacao y cubiertos de chocolate Choco Trio Milka 150 g.",
    "Precio": "3,09 \u20ac",
    "Precio_KG/L": "20,60 \u20ac/kg"
  }
]